@book{callister2021materials,
  title={Materials science and engineering: an introduction},
  author={Callister, William D and Rethwisch, David G and Blicblau, A and Bruggeman, K and Cortie, M and Long, John and Hart, J and Marceau, Ross and Ryan, M and Parvizi, Reza and others},
  year={2021},
  publisher={wiley}
}
@article{kusche2019large,
  title={Large-area, high-resolution characterisation and classification of damage mechanisms in dual-phase steel using deep learning},
  author={Kusche, Carl and Reclik, Tom and Freund, Martina and Al-Samman, Talal and Kerzel, Ulrich and Korte-Kerzel, Sandra},
  journal={PloS one},
  volume={14},
  number={5},
  pages={e0216493},
  year={2019},
  publisher={Public Library of Science San Francisco, CA USA}
}
@article{aversa2018first,
  title={The first annotated set of scanning electron microscopy images for nanoscience},
  author={Aversa, Rossella and Modarres, Mohammad Hadi and Cozzini, Stefano and Ciancio, Regina and Chiusole, Alberto},
  journal={Scientific data},
  volume={5},
  number={1},
  pages={1--10},
  year={2018},
  publisher={Nature Publishing Group}
}
@article{ziatdinov2020causal,
  title={Causal analysis of competing atomistic mechanisms in ferroelectric materials from high-resolution scanning transmission electron microscopy data},
  author={Ziatdinov, Maxim and Nelson, Christopher T and Zhang, Xiaohang and Vasudevan, Rama K and Eliseev, Eugene and Morozovska, Anna N and Takeuchi, Ichiro and Kalinin, Sergei V},
  journal={npj Computational Materials},
  volume={6},
  number={1},
  pages={1--9},
  year={2020},
  publisher={Nature Publishing Group}
}
@article{ward2018matminer,
  title={Matminer: An open source toolkit for materials data mining},
  author={Ward, Logan and Dunn, Alexander and Faghaninia, Alireza and Zimmermann, Nils ER and Bajaj, Saurabh and Wang, Qi and Montoya, Joseph and Chen, Jiming and Bystrom, Kyle and Dylla, Maxwell and others},
  journal={Computational Materials Science},
  volume={152},
  pages={60--69},
  year={2018},
  publisher={Elsevier}
}
@article{allen2015modelling,
  title={Modelling the inelastic scattering of fast electrons},
  author={Allen, Leslie J and Findlay, SD and others},
  journal={Ultramicroscopy},
  volume={151},
  pages={11--22},
  year={2015},
  publisher={Elsevier}
}
@article{madsen2021abtem,
  title={The abTEM code: transmission electron microscopy from first principles},
  author={Madsen, Jacob and Susi, Toma},
  journal={Open Research Europe},
  volume={1},
  number={24},
  pages={24},
  year={2021},
  publisher={F1000 Research Limited}
}
@article{savitzky2020py4dstem,
  title={py4DSTEM: A software package for multimodal analysis of four-dimensional scanning transmission electron microscopy datasets},
  author={Savitzky, Benjamin H and Hughes, Lauren A and Zeltmann, Steven E and Brown, Hamish G and Zhao, Shiteng and Pelz, Philipp M and Barnard, Edward S and Donohue, Jennifer and DaCosta, Luis Rangel and Pekin, Thomas C and others},
  journal={arXiv preprint arXiv:2003.09523},
  year={2020}
}
@article{ophus2017fast,
  title={A fast image simulation algorithm for scanning transmission electron microscopy},
  author={Ophus, Colin},
  journal={Advanced structural and chemical imaging},
  volume={3},
  number={1},
  pages={1--11},
  year={2017},
  publisher={SpringerOpen}
}

@article{somnath2019usid,
  title={USID and pycroscopy--Open source frameworks for storing and analyzing imaging and spectroscopy data},
  author={Somnath, Suhas and Smith, Chris R and Laanait, Nouamane and Vasudevan, Rama K and Jesse, Stephen},
  journal={Microscopy and Microanalysis},
  volume={25},
  number={S2},
  pages={220--221},
  year={2019},
  publisher={Cambridge University Press}
}
@book{saito2013computational,
  title={Computational materials design},
  author={Saito, Tetsuya},
  volume={34},
  year={2013},
  publisher={Springer Science \& Business Media}
}
@article{kirklin2015open,
  title={The Open Quantum Materials Database (OQMD): assessing the accuracy of DFT formation energies},
  author={Kirklin, Scott and Saal, James E and Meredig, Bryce and Thompson, Alex and Doak, Jeff W and Aykol, Muratahan and R{\"u}hl, Stephan and Wolverton, Chris},
  journal={npj Computational Materials},
  volume={1},
  number={1},
  pages={1--15},
  year={2015},
  publisher={Nature Publishing Group}
}

@article{saal2013materials,
  title={Materials design and discovery with high-throughput density functional theory: the open quantum materials database (OQMD)},
  author={Saal, James E and Kirklin, Scott and Aykol, Muratahan and Meredig, Bryce and Wolverton, Christopher},
  journal={Jom},
  volume={65},
  number={11},
  pages={1501--1509},
  year={2013},
  publisher={Springer}
}
@article{de2019new,
  title={New frontiers for the materials genome initiative},
  author={de Pablo, Juan J and Jackson, Nicholas E and Webb, Michael A and Chen, Long-Qing and Moore, Joel E and Morgan, Dane and Jacobs, Ryan and Pollock, Tresa and Schlom, Darrell G and Toberer, Eric S and others},
  journal={npj Computational Materials},
  volume={5},
  number={1},
  pages={1--23},
  year={2019},
  publisher={Nature Publishing Group}
}



@article{ward2016general,
  title={A general-purpose machine learning framework for predicting properties of inorganic materials},
  author={Ward, Logan and Agrawal, Ankit and Choudhary, Alok and Wolverton, Christopher},
  journal={npj Computational Materials},
  volume={2},
  number={1},
  pages={1--7},
  year={2016},
  publisher={Nature Publishing Group}
}

@article{jha2018elemnet,
  title={Elemnet: Deep learning the chemistry of materials from only elemental composition},
  author={Jha, Dipendra and Ward, Logan and Paul, Arindam and Liao, Wei-keng and Choudhary, Alok and Wolverton, Chris and Agrawal, Ankit},
  journal={Scientific reports},
  volume={8},
  number={1},
  pages={1--13},
  year={2018},
  publisher={Nature Publishing Group}
}

@inproceedings{jha2019irnet,
  title={IRNet: A general purpose deep residual regression framework for materials discovery},
  author={Jha, Dipendra and Ward, Logan and Yang, Zijiang and Wolverton, Christopher and Foster, Ian and Liao, Wei-keng and Choudhary, Alok and Agrawal, Ankit},
  booktitle={Proceedings of the 25th ACM SIGKDD International Conference on Knowledge Discovery \& Data Mining},
  pages={2385--2393},
  year={2019}
}

@article{goodall2020predicting,
  title={Predicting materials properties without crystal structure: Deep representation learning from stoichiometry},
  author={Goodall, Rhys EA and Lee, Alpha A},
  journal={Nature Communications},
  volume={11},
  number={1},
  pages={1--9},
  year={2020},
  publisher={Nature Publishing Group}
}

@article{Wang2021crabnet,
 author = {Wang, Anthony Yu-Tung and Kauwe, Steven K. and Murdock, Ryan J. and Sparks, Taylor D.},
 year = {2021},
 title = {Compositionally restricted attention-based network for materials property predictions},
 pages = {77},
 volume = {7},
 number = {1},
 doi = {10.1038/s41524-021-00545-1},
 publisher = {{Nature Publishing Group}},
 shortjournal = {npj Comput. Mater.},
 journal = {npj Computational Materials}
}

@Article{Gilmer2017,
  author  = {Justin Gilmer and Samuel S. Schoenholz and Patrick F. Riley and Oriol Vinyals and George E. Dahl},
  title   = {Neural Message Passing for Quantum Chemistry},
  journal = {CoRR},
  year    = {2017}
}

@article{smith2017ani,
  title={ANI-1: an extensible neural network potential with DFT accuracy at force field computational cost},
  author={Smith, Justin S and Isayev, Olexandr and Roitberg, Adrian E},
  journal={Chemical science},
  volume={8},
  number={4},
  pages={3192--3203},
  year={2017},
  publisher={Royal Society of Chemistry}
}
@article{chmiela2017machine,
  title={Machine learning of accurate energy-conserving molecular force fields},
  author={Chmiela, Stefan and Tkatchenko, Alexandre and Sauceda, Huziel E and Poltavsky, Igor and Sch{\"u}tt, Kristof T and M{\"u}ller, Klaus-Robert},
  journal={Science advances},
  volume={3},
  number={5},
  pages={e1603015},
  year={2017},
  publisher={American Association for the Advancement of Science}
}
@article{thomas2018us,
  title={The US Federal Tox21 Program: A strategic and operational plan for continued leadership},
  author={Thomas, Russell S and Paules, Richard S and Simeonov, Anton and Fitzpatrick, Suzanne C and Crofton, Kevin M and Casey, Warren M and Mendrick, Donna L},
  journal={Altex},
  volume={35},
  number={2},
  pages={163},
  year={2018},
  publisher={NIH Public Access}
}
@article{johnson2006nist,
  title={NIST computational chemistry comparison and benchmark database},
  author={Johnson, Russell D and others},
  journal={http://srdata. nist. gov/cccbdb},
  year={2006}
}
@article{mobley2014freesolv,
  title={FreeSolv: a database of experimental and calculated hydration free energies, with input files},
  author={Mobley, David L and Guthrie, J Peter},
  journal={Journal of computer-aided molecular design},
  volume={28},
  number={7},
  pages={711--720},
  year={2014},
  publisher={Springer}
}
@article{khorshidi2016amp,
  title={Amp: A modular approach to machine learning in atomistic simulations},
  author={Khorshidi, Alireza and Peterson, Andrew A},
  journal={Computer Physics Communications},
  volume={207},
  pages={310--324},
  year={2016},
  publisher={Elsevier}
}

@article{yao2017intrinsic,
  title={Intrinsic bond energies from a bonds-in-molecules neural network},
  author={Yao, Kun and Herr, John E and Brown, Seth N and Parkhill, John},
  journal={The journal of physical chemistry letters},
  volume={8},
  number={12},
  pages={2689--2694},
  year={2017},
  publisher={ACS Publications}
}

@article{kolb2017discovering,
  title={Discovering charge density functionals and structure-property relationships with PROPhet: A general framework for coupling machine learning and first-principles methods},
  author={Kolb, Brian and Lentz, Levi C and Kolpak, Alexie M},
  journal={Scientific Reports},
  volume={7},
  number={1},
  pages={1--9},
  year={2017},
  publisher={Nature Publishing Group}
}
@article{schutt2018schnetpack,
  title={SchNetPack: A deep learning toolbox for atomistic systems},
  author={Schutt, KT and Kessel, Pan and Gastegger, Michael and Nicoli, KA and Tkatchenko, Alexandre and M{\"u}ller, K-R},
  journal={Journal of chemical theory and computation},
  volume={15},
  number={1},
  pages={448--455},
  year={2018},
  publisher={ACS Publications}
}

@article{xie2018crystal,
  title={Crystal graph convolutional neural networks for an accurate and interpretable prediction of material properties},
  author={Xie, Tian and Grossman, Jeffrey C},
  journal={Physical review letters},
  volume={120},
  number={14},
  pages={145301},
  year={2018},
  publisher={APS}
}
@article{talirz2020materials,
  title={Materials Cloud, a platform for open computational science},
  author={Talirz, Leopold and Kumbhar, Snehal and Passaro, Elsa and Yakutovich, Aliaksandr V and Granata, Valeria and Gargiulo, Fernando and Borelli, Marco and Uhrin, Martin and Huber, Sebastiaan P and Zoupanos, Spyros and others},
  journal={Scientific data},
  volume={7},
  number={1},
  pages={1--12},
  year={2020},
  publisher={Nature Publishing Group}
}
@article{chung2019advances,
  title={Advances, updates, and analytics for the computation-ready, experimental metal--organic framework database: CoRE MOF 2019},
  author={Chung, Yongchul G and Haldoupis, Emmanuel and Bucior, Benjamin J and Haranczyk, Maciej and Lee, Seulchan and Zhang, Hongda and Vogiatzis, Konstantinos D and Milisavljevic, Marija and Ling, Sanliang and Camp, Jeffrey S and others},
  journal={Journal of Chemical \& Engineering Data},
  volume={64},
  number={12},
  pages={5985--5998},
  year={2019},
  publisher={ACS Publications}
}

@article{rosen2021machine,
  title={Machine learning the quantum-chemical properties of metal--organic frameworks for accelerated materials discovery},
  author={Rosen, Andrew S and Iyer, Shaelyn M and Ray, Debmalya and Yao, Zhenpeng and Aspuru-Guzik, Al{\'a}n and Gagliardi, Laura and Notestein, Justin M and Snurr, Randall Q},
  journal={Matter},
  volume={4},
  number={5},
  pages={1578--1597},
  year={2021},
  publisher={Elsevier}
}
@article{benson2007binding,
  title={Binding MOAD, a high-quality protein--ligand database},
  author={Benson, Mark L and Smith, Richard D and Khazanov, Nickolay A and Dimcheff, Brandon and Beaver, John and Dresslar, Peter and Nerothin, Jason and Carlson, Heather A},
  journal={Nucleic acids research},
  volume={36},
  number={suppl\_1},
  pages={D674--D678},
  year={2007},
  publisher={Oxford University Press}
}
@article{thomas2018tensor,
  title={Tensor field networks: Rotation-and translation-equivariant neural networks for 3d point clouds},
  author={Thomas, Nathaniel and Smidt, Tess and Kearnes, Steven and Yang, Lusann and Li, Li and Kohlhoff, Kai and Riley, Patrick},
  journal={arXiv preprint arXiv:1802.08219},
  year={2018}
}

@software{mario_geiger_2021_5006322,
  author       = {Mario Geiger and
                  Tess Smidt and
                  Alby M. and
                  Benjamin Kurt Miller and
                  Wouter Boomsma and
                  Bradley Dice and
                  Kostiantyn Lapchevskyi and
                  Maurice Weiler and
                  Michał Tyszkiewicz and
                  Simon Batzner and
                  Jes Frellsen and
                  Nuri Jung and
                  Sophia Sanborn and
                  Josh Rackers and
                  Michael Bailey},
  title        = {e3nn/e3nn: 2021-06-21},
  month        = jun,
  year         = 2021,
  publisher    = {Zenodo},
  version      = {0.3.3},
  doi          = {10.5281/zenodo.5006322},
  url          = {https://doi.org/10.5281/zenodo.5006322}
}

@article{chen2019graph,
  title={Graph networks as a universal machine learning framework for molecules and crystals},
  author={Chen, Chi and Ye, Weike and Zuo, Yunxing and Zheng, Chen and Ong, Shyue Ping},
  journal={Chemistry of Materials},
  volume={31},
  number={9},
  pages={3564--3572},
  year={2019},
  publisher={ACS Publications}
}
@article{artrith2021best,
  title={Best practices in machine learning for chemistry},
  author={Artrith, Nongnuch and Butler, Keith T and Coudert, Fran{\c{c}}ois-Xavier and Han, Seungwu and Isayev, Olexandr and Jain, Anubhav and Walsh, Aron},
  journal={Nature Chemistry},
  volume={13},
  number={6},
  pages={505--508},
  year={2021},
  publisher={Nature Publishing Group}
}
@article{jha2019enhancing,
  title={Enhancing materials property prediction by leveraging computational and experimental data using deep transfer learning},
  author={Jha, Dipendra and Choudhary, Kamal and Tavazza, Francesca and Liao, Wei-keng and Choudhary, Alok and Campbell, Carelyn and Agrawal, Ankit},
  journal={Nature communications},
  volume={10},
  number={1},
  pages={1--12},
  year={2019},
  publisher={Nature Publishing Group}
}

@article{cubuk2019screening,
  title={Screening billions of candidates for solid lithium-ion conductors: A transfer learning approach for small data},
  author={Cubuk, Ekin D and Sendek, Austin D and Reed, Evan J},
  journal={The Journal of chemical physics},
  volume={150},
  number={21},
  pages={214701},
  year={2019},
  publisher={AIP Publishing LLC}
}
@article{klicpera2020directional,
  title={Directional message passing for molecular graphs},
  author={Klicpera, Johannes and Gro{\ss}, Janek and G{\"u}nnemann, Stephan},
  journal={arXiv preprint arXiv:2003.03123},
  year={2020}
}

@article{unke2019physnet,
  title={PhysNet: a neural network for predicting energies, forces, dipole moments, and partial charges},
  author={Unke, Oliver T and Meuwly, Markus},
  journal={Journal of chemical theory and computation},
  volume={15},
  number={6},
  pages={3678--3693},
  year={2019},
  publisher={ACS Publications}
}
@article{behler2007generalized,
  title={Generalized neural-network representation of high-dimensional potential-energy surfaces},
  author={Behler, J{\"o}rg and Parrinello, Michele},
  journal={Physical review letters},
  volume={98},
  number={14},
  pages={146401},
  year={2007},
  publisher={APS}
}

@article{wang2018deepmd,
  title={DeePMD-kit: A deep learning package for many-body potential energy representation and molecular dynamics},
  author={Wang, Han and Zhang, Linfeng and Han, Jiequn and Weinan, E},
  journal={Computer Physics Communications},
  volume={228},
  pages={178--184},
  year={2018},
  publisher={Elsevier}
}

@article{decost2021atomistic,
  title={Atomistic Line Graph Neural Network for Improved Materials Property Predictions},
  author={DeCost, Brian and Choudhary, Kamal},
  journal={arXiv preprint arXiv:2106.01829},
  year={2021}
}
@article{wallach2015atomnet,
  title={AtomNet: a deep convolutional neural network for bioactivity prediction in structure-based drug discovery},
  author={Wallach, Izhar and Dzamba, Michael and Heifets, Abraham},
  journal={arXiv preprint arXiv:1510.02855},
  year={2015}
}
@article{jain2013commentary,
  title={Commentary: The Materials Project: A materials genome approach to accelerating materials innovation},
  author={Jain, Anubhav and Ong, Shyue Ping and Hautier, Geoffroy and Chen, Wei and Richards, William Davidson and Dacek, Stephen and Cholia, Shreyas and Gunter, Dan and Skinner, David and Ceder, Gerbrand and others},
  journal={APL materials},
  volume={1},
  number={1},
  pages={011002},
  year={2013},
  publisher={American Institute of PhysicsAIP}
}

@article{curtarolo2012aflow,
  title={AFLOW: An automatic framework for high-throughput materials discovery},
  author={Curtarolo, Stefano and Setyawan, Wahyu and Hart, Gus LW and Jahnatek, Michal and Chepulskii, Roman V and Taylor, Richard H and Wang, Shidong and Xue, Junkai and Yang, Kesong and Levy, Ohad and others},
  journal={Computational Materials Science},
  volume={58},
  pages={218--226},
  year={2012},
  publisher={Elsevier}
}

@article{choudhary2020high,
  title={High-throughput density functional perturbation theory and machine learning predictions of infrared, piezoelectric, and dielectric responses},
  author={Choudhary, Kamal and Garrity, Kevin F and Sharma, Vinit and Biacchi, Adam J and Walker, Angela R Hight and Tavazza, Francesca},
  journal={NPJ Computational Materials},
  volume={6},
  number={1},
  pages={1--13},
  year={2020},
  publisher={Nature Publishing Group}
}
@article{chen2021database,
  title={Database of ab initio L-edge X-ray absorption near edge structure},
  author={Chen, Yiming and Chen, Chi and Zheng, Chen and Dwaraknath, Shyam and Horton, Matthew K and Cabana, Jordi and Rehr, John and Vinson, John and Dozier, Alan and Kas, Joshua J and others},
  journal={Scientific Data},
  volume={8},
  number={1},
  pages={1--8},
  year={2021},
  publisher={Nature Publishing Group}
}
@article{fremout2012identification,
  title={Identification of synthetic organic pigments: the role of a comprehensive digital Raman spectral library},
  author={Fremout, Wim and Saverwyns, Steven},
  journal={Journal of Raman spectroscopy},
  volume={43},
  number={11},
  pages={1536--1544},
  year={2012},
  publisher={Wiley Online Library}
}
@article{steinbeck2003nmrshiftdb,
  title={NMRShiftDB constructing a free chemical information system with open-source components},
  author={Steinbeck, Christoph and Krause, Stefan and Kuhn, Stefan},
  journal={Journal of chemical information and computer sciences},
  volume={43},
  number={6},
  pages={1733--1739},
  year={2003},
  publisher={ACS Publications}
}
@article{el2019raman,
  title={Raman Open Database: first interconnected Raman--X-ray diffraction open-access resource for material identification},
  author={El Mendili, Yassine and Vaitkus, Antanas and Merkys, Andrius and Gra{\v{z}}ulis, Saulius and Chateigner, Daniel and Mathevet, Fabrice and Gascoin, St{\'e}phanie and Petit, Sebastien and Bardeau, J-F and Zanatta, Marco and others},
  journal={Journal of applied crystallography},
  volume={52},
  number={3},
  pages={618--625},
  year={2019},
  publisher={International Union of Crystallography}
}
@incollection{lafuente20151,
  title={1. The power of databases: The RRUFF project},
  author={Lafuente, Barbara and Downs, Robert T and Yang, Hexiong and Stone, Nate},
  booktitle={Highlights in mineralogical crystallography},
  pages={1--30},
  year={2015},
  publisher={De Gruyter (O)}
}
@article{mathew2018high,
  title={High-throughput computational X-ray absorption spectroscopy},
  author={Mathew, Kiran and Zheng, Chen and Winston, Donald and Chen, Chi and Dozier, Alan and Rehr, John J and Ong, Shyue Ping and Persson, Kristin A},
  journal={Scientific data},
  volume={5},
  number={1},
  pages={1--8},
  year={2018},
  publisher={Nature Publishing Group}
}
@article{choudhary2018computational,
  title={Computational screening of high-performance optoelectronic materials using OptB88vdW and TB-mBJ formalisms},
  author={Choudhary, Kamal and Zhang, Qin and Reid, Andrew CE and Chowdhury, Sugata and Van Nguyen, Nhan and Trautt, Zachary and Newrock, Marcus W and Congo, Faical Yannick and Tavazza, Francesca},
  journal={Scientific data},
  volume={5},
  number={1},
  pages={1--12},
  year={2018},
  publisher={Nature Publishing Group}
}
@article{zhou2018learning,
  title={Learning atoms for materials discovery},
  author={Zhou, Quan and Tang, Peizhe and Liu, Shenxiu and Pan, Jinbo and Yan, Qimin and Zhang, Shou-Cheng},
  journal={Proceedings of the National Academy of Sciences},
  volume={115},
  number={28},
  pages={E6411--E6417},
  year={2018},
  publisher={National Acad Sciences}
}
@article{oliynyk2016high,
  title={High-throughput machine-learning-driven synthesis of full-Heusler compounds},
  author={Oliynyk, Anton O and Antono, Erin and Sparks, Taylor D and Ghadbeigi, Leila and Gaultois, Michael W and Meredig, Bryce and Mar, Arthur},
  journal={Chemistry of Materials},
  volume={28},
  number={20},
  pages={7324--7331},
  year={2016},
  publisher={ACS Publications}
}
@article{choudhary2018machine,
  title={Machine learning with force-field-inspired descriptors for materials: Fast screening and mapping energy landscape},
  author={Choudhary, Kamal and DeCost, Brian and Tavazza, Francesca},
  journal={Physical review materials},
  volume={2},
  number={8},
  pages={083801},
  year={2018},
  publisher={APS}
}
@article{bang2021accelerated,
  title={Accelerated mapping of electronic density of states patterns of metallic nanoparticles via machine-learning},
  author={Bang, Kihoon and Yeo, Byung Chul and Kim, Donghun and Han, Sang Soo and Lee, Hyuck Mo},
  journal={Scientific reports},
  volume={11},
  number={1},
  pages={1--11},
  year={2021},
  publisher={Nature Publishing Group}
}
@article{fung2021machine,
  title={Machine learned features from density of states for accurate adsorption energy prediction},
  author={Fung, Victor and Hu, Guoxiang and Ganesh, Panchapakesan and Sumpter, Bobby G},
  journal={Nature Communications},
  volume={12},
  number={1},
  pages={1--11},
  year={2021},
  publisher={Nature Publishing Group}
}
@article{choudhary2020joint,
  title={The joint automated repository for various integrated simulations (JARVIS) for data-driven materials design},
  author={Choudhary, Kamal and Garrity, Kevin F and Reid, Andrew CE and DeCost, Brian and Biacchi, Adam J and Walker, Angela R Hight and Trautt, Zachary and Hattrick-Simpers, Jason and Kusne, A Gilad and Centrone, Andrea and others},
  journal={npj Computational Materials},
  volume={6},
  number={1},
  pages={1--13},
  year={2020},
  publisher={Nature Publishing Group}
}
@article{ramakrishnan2014quantum,
  title={Quantum chemistry structures and properties of 134 kilo molecules},
  author={Ramakrishnan, Raghunathan and Dral, Pavlo O and Rupp, Matthias and Von Lilienfeld, O Anatole},
  journal={Scientific data},
  volume={1},
  number={1},
  pages={1--7},
  year={2014},
  publisher={Nature Publishing Group}
}

@article{draxl2018nomad,
  title={NOMAD: The FAIR concept for big data-driven materials science},
  author={Draxl, Claudia and Scheffler, Matthias},
  journal={Mrs Bulletin},
  volume={43},
  number={9},
  pages={676--682},
  year={2018},
  publisher={Cambridge University Press}
}
@article{wang2005pdbbind,
  title={The PDBbind database: methodologies and updates},
  author={Wang, Renxiao and Fang, Xueliang and Lu, Yipin and Yang, Chao-Yie and Wang, Shaomeng},
  journal={Journal of medicinal chemistry},
  volume={48},
  number={12},
  pages={4111--4119},
  year={2005},
  publisher={ACS Publications}
}
@article{belsky2002new,
  title={New developments in the Inorganic Crystal Structure Database (ICSD): accessibility in support of materials research and design},
  author={Belsky, Alec and Hellenbrandt, Mariette and Karen, Vicky Lynn and Luksch, Peter},
  journal={Acta Crystallographica Section B: Structural Science},
  volume={58},
  number={3},
  pages={364--369},
  year={2002},
  publisher={International Union of Crystallography}
}
@article{zakutayev2018open,
  title={An open experimental database for exploring inorganic materials},
  author={Zakutayev, Andriy and Wunder, Nick and Schwarting, Marcus and Perkins, John D and White, Robert and Munch, Kristin and Tumas, William and Phillips, Caleb},
  journal={Scientific data},
  volume={5},
  number={1},
  pages={1--12},
  year={2018},
  publisher={Nature Publishing Group}
}

@article{wilkinson2016fair,
  title={The FAIR Guiding Principles for scientific data management and stewardship},
  author={Wilkinson, Mark D and Dumontier, Michel and Aalbersberg, IJsbrand Jan and Appleton, Gabrielle and Axton, Myles and Baak, Arie and Blomberg, Niklas and Boiten, Jan-Willem and da Silva Santos, Luiz Bonino and Bourne, Philip E and others},
  journal={Scientific data},
  volume={3},
  number={1},
  pages={1--9},
  year={2016},
  publisher={Nature Publishing Group}
}

@article{vasudevan2019materials,
  title={Materials science in the artificial intelligence age: high-throughput library generation, machine learning, and a pathway from correlations to the underpinning physics},
  author={Vasudevan, Rama K and Choudhary, Kamal and Mehta, Apurva and Smith, Ryan and Kusne, Gilad and Tavazza, Francesca and Vlcek, Lukas and Ziatdinov, Maxim and Kalinin, Sergei V and Hattrick-Simpers, Jason},
  journal={MRS communications},
  volume={9},
  number={3},
  pages={821--838},
  year={2019},
  publisher={Cambridge University Press}
}
@article{schmidt2019recent,
  title={Recent advances and applications of machine learning in solid-state materials science},
  author={Schmidt, Jonathan and Marques, M{\'a}rio RG and Botti, Silvana and Marques, Miguel AL},
  journal={npj Computational Materials},
  volume={5},
  number={1},
  pages={1--36},
  year={2019},
  publisher={Nature Publishing Group}
}
@article{butler2018machine,
  title={Machine learning for molecular and materials science},
  author={Butler, Keith T and Davies, Daniel W and Cartwright, Hugh and Isayev, Olexandr and Walsh, Aron},
  journal={Nature},
  volume={559},
  number={7715},
  pages={547--555},
  year={2018},
  publisher={Nature Publishing Group}
}
@article{xu2020deep,
  title={Deep dive into machine learning models for protein engineering},
  author={Xu, Yuting and Verma, Deeptak and Sheridan, Robert P and Liaw, Andy and Ma, Junshui and Marshall, Nicholas M and McIntosh, John and Sherer, Edward C and Svetnik, Vladimir and Johnston, Jennifer M},
  journal={Journal of chemical information and modeling},
  volume={60},
  number={6},
  pages={2773--2790},
  year={2020},
  publisher={ACS Publications}
}
@article{schleder2019dft,
  title={From DFT to machine learning: recent approaches to materials science--a review},
  author={Schleder, Gabriel R and Padilha, Antonio CM and Acosta, Carlos Mera and Costa, Marcio and Fazzio, Adalberto},
  journal={Journal of Physics: Materials},
  volume={2},
  number={3},
  pages={032001},
  year={2019},
  publisher={IOP Publishing}
}
@article{agrawal2019deep,
  title={Deep materials informatics: Applications of deep learning in materials science},
  author={Agrawal, Ankit and Choudhary, Alok},
  journal={MRS Communications},
  volume={9},
  number={3},
  pages={779--792},
  year={2019},
  publisher={Cambridge University Press}
}
@book{friedman2001elements,
  title={The elements of statistical learning},
  author={Friedman, Jerome and Hastie, Trevor and Tibshirani, Robert and others},
  volume={1},
  number={10},
  year={2001},
  publisher={Springer series in statistics New York}
}
@book{Goodfellow-et-al-2016,
    title={Deep Learning},
    author={Ian Goodfellow and Yoshua Bengio and Aaron Courville},
    publisher={MIT Press},
    note={\url{http://www.deeplearningbook.org}},
    year={2016}
}
@article{gibney2016google,
  title={Google AI algorithm masters ancient game of Go},
  author={Gibney, Elizabeth},
  journal={Nature News},
  volume={529},
  number={7587},
  pages={445},
  year={2016}
}
@inproceedings{kidger2020universal,
  title={Universal approximation with deep narrow networks},
  author={Kidger, Patrick and Lyons, Terry},
  booktitle={Conference on learning theory},
  pages={2306--2327},
  year={2020},
  organization={PMLR}
}
@book{minsky2017perceptrons,
  title={Perceptrons: An introduction to computational geometry},
  author={Minsky, Marvin and Papert, Seymour A},
  year={2017},
  publisher={MIT press}
}
@article{lecun1995convolutional,
  title={Convolutional networks for images, speech, and time series},
  author={LeCun, Yann and Bengio, Yoshua and others},
  journal={The handbook of brain theory and neural networks},
  volume={3361},
  number={10},
  pages={1995},
  year={1995}
}

@book{west2001introduction,
  title={Introduction to graph theory},
  author={West, Douglas Brent and others},
  volume={2},
  year={2001},
  publisher={Prentice hall Upper Saddle River}
}
@article{wang2019deep,
  title={Deep graph library: A graph-centric, highly-performant package for graph neural networks},
  author={Wang, Minjie and Zheng, Da and Ye, Zihao and Gan, Quan and Li, Mufei and Song, Xiang and Zhou, Jinjing and Ma, Chao and Yu, Lingfan and Gai, Yu and others},
  journal={arXiv preprint arXiv:1909.01315},
  year={2019}
}
@article{kipf2016semi,
  title={Semi-supervised classification with graph convolutional networks},
  author={Kipf, Thomas N and Welling, Max},
  journal={arXiv preprint arXiv:1609.02907},
  year={2016}
}
@article{xu2018powerful,
  title={How powerful are graph neural networks?},
  author={Xu, Keyulu and Hu, Weihua and Leskovec, Jure and Jegelka, Stefanie},
  journal={arXiv preprint arXiv:1810.00826},
  year={2018}
}
@article{jing2018deep,
  title={Deep learning for drug design: an artificial intelligence paradigm for drug discovery in the big data era},
  author={Jing, Yankang and Bian, Yuemin and Hu, Ziheng and Wang, Lirong and Xie, Xiang-Qun Sean},
  journal={The AAPS journal},
  volume={20},
  number={3},
  pages={1--10},
  year={2018},
  publisher={Springer}
}
@article{chen2017supervised,
  title={Supervised community detection with line graph neural networks},
  author={Chen, Zhengdao and Li, Xiang and Bruna, Joan},
  journal={arXiv preprint arXiv:1705.08415},
  year={2017}
}
@article{velivckovic2017graph,
  title={Graph attention networks},
  author={Veli{\v{c}}kovi{\'c}, Petar and Cucurull, Guillem and Casanova, Arantxa and Romero, Adriana and Lio, Pietro and Bengio, Yoshua},
  journal={arXiv preprint arXiv:1710.10903},
  year={2017}
}
@inproceedings{ramos2017detecting,
  title={Detecting unexpected obstacles for self-driving cars: Fusing deep learning and geometric modeling},
  author={Ramos, Sebastian and Gehrig, Stefan and Pinggera, Peter and Franke, Uwe and Rother, Carsten},
  booktitle={2017 IEEE Intelligent Vehicles Symposium (IV)},
  pages={1025--1032},
  year={2017},
  organization={IEEE}
}

@book{buduma2017fundamentals,
  title={Fundamentals of deep learning: Designing next-generation machine intelligence algorithms},
  author={Buduma, Nikhil and Locascio, Nicholas},
  year={2017},
  publisher={" O'Reilly Media, Inc."}
}

@article{kearnes2016molecular,
  title={Molecular graph convolutions: moving beyond fingerprints},
  author={Kearnes, Steven and McCloskey, Kevin and Berndl, Marc and Pande, Vijay and Riley, Patrick},
  journal={Journal of computer-aided molecular design},
  volume={30},
  number={8},
  pages={595--608},
  year={2016},
  publisher={Springer}
}

@article{albrecht2017deep,
  title={Deep learning for single-molecule science},
  author={Albrecht, Tim and Slabaugh, Gregory and Alonso, Eduardo and Al-Arif, SM Masudur R},
  journal={Nanotechnology},
  volume={28},
  number={42},
  pages={423001},
  year={2017},
  publisher={IOP Publishing}
}

@article{ge2020deep,
  title={Deep learning analysis on microscopic imaging in materials science},
  author={Ge, M and Su, F and Zhao, Z and Su, D},
  journal={Materials Today Nano},
  volume={11},
  pages={100087},
  year={2020},
  publisher={Elsevier}
}

@misc{erdmann2021deep,
  title={Deep Learning for Physics Research},
  author={Erdmann, Martin and Glombitza, Jonas and Kasieczka, Gregor and Klemradt, Uwe},
  year={2021},
  publisher={World Scientific}
}
%% Journal article
@article{bib1,
  author		= "Campbell, S. L. and Gear, C. W.",
  title			= "The index of general nonlinear {D}{A}{E}{S}",
  journal		= "Numer. {M}ath.",
  volume		= "72",
  number		= "2",
  pages			= "173--196",
  year			= "1995"
}

%% Journal article with DOI
@article{bib2,
  author		= "Slifka, M. K. and Whitton, J. L.",
  title			= "Clinical implications of dysregulated cytokine production",
  journal		= "J. {M}ol. {M}ed.",
  volume		= "78",
  pages			= "74--80",
  year			= "2000",
  doi			= "10.1007/s001090000086"
}

%% Journal article
@article{bib3,
  author		= "Hamburger, C.",
  title			= "Quasimonotonicity, regularity and duality for nonlinear systems of 
					partial differential equations",
  journal		= "Ann. Mat. Pura. Appl.",
  volume		= "169",
  number		= "2",
  pages			= "321--354",
  year			= "1995"
}

%% book, authored
@book{bib4,
  author		= "Geddes, K. O. and Czapor, S. R. and Labahn, G.",
  title			= "Algorithms for {C}omputer {A}lgebra",
  address		= "Boston",
  publisher		= "Kluwer",
  year			= "1992"
}

%% Item 8. Book, chapter
@incollection{bib5,
  author		= "Broy, M.",
  title			= "Software engineering---from auxiliary to key technologies",
  editor		= "Broy, M. and Denert, E.",
  booktitle		= "Software Pioneers",
  pages			= "10--13",
  address		= "New {Y}ork",
  publisher		= "Springer",
  year			= "1992"
}

%% Book, edited
@book{bib6,
  editor		= "Seymour, R. S.",
  title			= "Conductive {P}olymers",
  address		= "New {Y}ork",
  publisher		= "Plenum",
  year			= "1981"
}

%% Chapter in a book in a series with volume titles
@inproceedings{bib7,
  author		= "Smith, S. E.",
  title			= "Neuromuscular blocking drugs in man",
  editor		= "Zaimis, E.",
  volume		= "42",
  booktitle		= "Neuromuscular junction. {H}andbook of experimental pharmacology",
  pages			= "593--660",
  address		= "Heidelberg",
  publisher		= "Springer",
  year			= "1976"
}

%% Paper presented at a conference
@misc{bib8,
  author		= "Chung, S. T. and Morris, R. L.",
  title			= "Isolation and characterization of plasmid deoxyribonucleic acid from 
					Streptomyces fradiae",
  year			= "1978",
  note			= "Paper presented at the 3rd international symposium on the genetics 
					of industrial microorganisms, University of {W}isconsin, {M}adison, 
					4--9 June 1978"
}

%% Data citation example
@misc{bib9,
  author		= "Hao, Z. and AghaKouchak, A. and Nakhjiri, N. and Farahmand, A.",
  title			= "Global integrated drought monitoring and prediction system (GIDMaPS) data sets", 
  year			= "2014",
  note			= "figshare \url{https://doi.org/10.6084/m9.figshare.853801}"
}

%% Preprint citation example
@misc{bib10, 
  author		= "Babichev, S. A. and Ries, J. and Lvovsky, A. I.",
  title			= "Quantum scissors: teleportation of single-mode optical states by means 
					of a nonlocal single photon", 
  year			= "2002",
  note			= "Preprint at \url{https://arxiv.org/abs/quant-ph/0208066v1}"
}

@article{bib11,
  author		= "Beneke, M. and Buchalla, G. and Dunietz, I.",
  title			= "Mixing induced {CP} asymmetries in inclusive {B} decays",
  journal		= "Phys. {L}ett.",
  volume		= "B393",
  year			= "1997",
  pages			= "132-142",
  archivePrefix		= "arXiv",
  eprint		= "0707.3168",
  primaryClass		= "gr-gc"
}

@softmisc{bib12,
  author		= "Stahl, B.",
  title			= "deep{SIP}: deep learning of {S}upernova {I}a {P}arameters",
  version		= "0.42",
  keywords		= "Software",
  howpublished		= "Astrophysics {S}ource {C}ode {L}ibrary",
  year			= "2020",
  month			= "Jun",
  eid			= "ascl:2006.023",
  pages			= "ascl:2006.023",
  archivePrefix		= "ascl",
  eprint		= "2006.023",
  adsurl		= "{https://ui.adsabs.harvard.edu/abs/2020ascl.soft06023S}",
  adsnote		= "Provided by the SAO/NASA Astrophysics Data System"
}

%%============================================================================%%
%% while using chicago reference style, both abbreviated and expanded form of %%
%% author name format is acceptable. Refer below example for expanded form    %%
%%============================================================================%%

%%  author		= "{Cameron, Deborah}", - single author
%%  author		= "{Saito, Yukio} and {Hyuga, Hiroyuki}", - double author 

%%======================================%%
%% Example for author names with suffix %%
%%======================================%%

%%  author		= "{Price, R. A. Jr} and {Curry, N. {III}} and McCann, K. E. and 
%%					Fielding, J. L. and {Abercrombie, E. Jr}",
